# Alternatif manajemen daftar pustaka dengan \bibliography
# Keuntungannya adalah sitasi dapat langsung disalin dari web (contoh: scholar.google.com) dan format tampilan dapat diubah secara otomatis hanya dengan mengganti konfigurasi \bibliographystyle di thesis.tex https://www.sharelatex.com/learn/Bibtex_bibliography_styles

@article{mell2009nist,
    title={The NIST definition of cloud computing},
    author={Mell, P. and Grance, T.},
    journal={National Institute of Standards and Technology, Information Technology Laboratory},
    year={2011}
}

@online{cloudstackabout,
    author = {Apache Software Foundation},
    title = {Apache CloudStack: About},
    howpublished = {\url{https://cloudstack.apache.org/about.html}},
    note = {Accessed: 2023-11-19}
}

@article{scarfone2009nist,
    title={Guide to Security for Full Virtualization Technologies},
    author={Scarfone, K. Souppaya, M. and Hoffman, P.},
    journal={National Institute of Standards and Technology, Information Technology Laboratory},
    year={2011}
}

@online{whatiskvm,
    author = {Amazon Web Services Inc.},
    title = {What is KVM (Kernel-Based Virtual Machine)?},
    howpublished = {\url{https://aws.amazon.com/what-is/kvm/}},
    note = {Accessed: 2023-11-19}
}

@book{Buyya_Broberg_Goscinski_2011, 
    title={Cloud computing: Principles and Paradigms}, 
    publisher={Wiley}, 
    author={Buyya, Rajkumar and Broberg, James and Goscinski, Andrzej M.}, year={2011},
    month=mar 
}

@online{techtargetcloudstack, 
    title={CloudStack}, 
    howpublished={\url{https://www.techtarget.com/whatis/definition/CloudStack}}, 
    journal={WhatIs.com}, 
    author={TechTarget}, 
    year={2019}, 
    month=jul,
    note = {Accessed: 2023-11-20}
}

@online{MacPherson_2023, 
    title={What is a hypervisor? – types, benefits & How does it work?}, howpublished={\url{https://www.parkplacetechnologies.com/blog/what-is-hypervisor-types-benefits/}}, 
    journal={Park Place Technologies}, 
    author={MacPherson, Jordan}, 
    year={2023}, 
    month=apr, 
    note = {Accessed: 2023-11-20}
}

@misc{hypervisor1vs2,
    title={What’s the Difference Between Type 1 and Type 2 Hypervisors?}, howpublished={\url{https://aws.amazon.com/compare/the-difference-between-type-1-and-type-2-hypervisors/}}, 
    journal={Amazon Web Services, Inc.}, 
    author={Amazon Web Services Inc.},
    note = {Accessed: 2023-11-20}
}

@article{Abeni2020,
  title = {Using Xen and KVM as real-time hypervisors},
  volume = {106},
  ISSN = {1383-7621},
  url = {http://dx.doi.org/10.1016/j.sysarc.2020.101709},
  DOI = {10.1016/j.sysarc.2020.101709},
  journal = {Journal of Systems Architecture},
  publisher = {Elsevier BV},
  author = {Abeni,  Luca and Faggioli,  Dario},
  year = {2020},
  month = jun,
  pages = {101709}
}